@article{JSNS2TDR,
author = {Ajimura, S. and Cheoun, M. K. and Choi, J. H. and Furuta, H. and Harada, M. and Hasegawa, S. and Hino, Y. and Hiraiwa, T. and Iwai, E. and Iwata, S. and Jang, J. S. and Jang, H. I. and Joo, K. K. and Jordan, J. and Kang, S. K. and Kawasaki, T. and Kasugai, Y. and Kim, E. J. and Kim, J. Y. and Kim, S. B. and Kim, W. and Kuwata, K. and Kwon, E. and Lim, I. T. and Maruyama, T. and Matsubara, T. and Meigo, S. and Monjushiro, S. and Moon, D. H. and Nakano, T. and Niiyama, M. and Nishikawa, K. and Nomachi, M. and Pac, M. Y. and Park, J. S. and Ray, H. and Rott, C. and Sakai, K. and Sakamoto, S. and Seo, H. and Seo, S. H. and Shibata, A. and Shima, T. and Spitz, J. and Stancu, I. and Suekane, F. and Sugaya, Y. and Suzuya, K. and Taira, M. and Toki, W. and Torizawa, T. and Yeh, M. and Yu, I.},
journal = {Arxiv:1705.08629},
title = {{Technical Design Report (TDR): Searching for a Sterile Neutrino at J-PARC MLF (E56, JSNS2)}},
url = {http://arxiv.org/abs/1705.08629},
year = {2017}
}

@misc{GITHUB_DOC,
  author = {Simon J.M. Peeters},
  title = {{\jsns nanopulser optical calibration system}},
  howpublished = "\url{https://github.com/sjmpeeters/JSNS2_nanopulser_manual.git}",
  year = {2019}
}

@misc{GITHUB_PIC,
  author = {Richard White},
  title = {{\jsns nanopulser PIC programming software and code}},
  howpublished = "\url{https://github.com/sjmpeeters/nanopulser_pic_programming.git}",
  year = {2019}
}

@misc{GITHUB_SOFT,
  author = {James Waterfield},
  title = {{\jsns nanopulser control software}},
  howpublished = "\url{https://github.com/sjmpeeters/JSNS2_nanopulser_control_software.git}",
  year = {2019}
}

@misc{GITHUB_TEST,
  author = {Mark Stringer},
  title = {{Operation and performance of the \jsns driver system}},
  howpublished = "\url{https://github.com/Sussex-Invisibles/JSNS2PulserControl} (includes legacy control software, however, this for reference only)",
  year = {2018}
}

@misc{INTERFACE2,
   title={Interface2 {L}td},
   howpublished={Unit 16, Euro Business Park, Newhaven, East Sussex, BN9 0DQ, UK (+44 12173 611008)}
}

@misc{BULGIN,
   title={Bulgin Asia},
   howpublished={Elektron Technology Pte Ltd, 3 Temasek Avenue, Centennial Tower, Level 34, Singapore, 039190 (+65 65497161, info@bulgin.com)}
}

@misc{TRP,
   title={{TRP} polymer solutions},
   howpublished="\url{https://trp.co.uk/products/high-performance-elastomer-o-rings/}"
}

@misc{WELDON,
	title={{SCIGRIP IPS WELD ON}~42 Clear Low VOC Acrylic Adhesive 10:1 50ml},
	howpublished="\url{https://scigrip.com/assets/tds/SG-42_TDS-1112.pdf}"
}